<record><leader>00000cas a22000007a 4500</leader><controlfield tag="001">16844893</controlfield><controlfield tag="008">871013d18461856txuwr ne      0    0eng d</controlfield><datafield ind1=" " ind2=" " tag="010"><subfield code="a">sn 87090996 </subfield></datafield><datafield ind1=" " ind2=" " tag="040"><subfield code="a">PPM</subfield><subfield code="b">eng</subfield><subfield code="c">PPM</subfield><subfield code="d">OCLCQ</subfield></datafield><datafield ind1=" " ind2=" " tag="042"><subfield code="a">msc</subfield></datafield><datafield ind1="0" ind2=" " tag="130"><subfield code="a">Texas Presbyterian (Victoria, Tex. : 1846)</subfield></datafield><datafield ind1="1" ind2="0" tag="245"><subfield code="a">Texas Presbyterian.</subfield></datafield><datafield ind1=" " ind2=" " tag="260"><subfield code="a">Victoria, Tex. :</subfield><subfield code="b">Rev. Andrew J. McGown,</subfield><subfield code="c">1846-</subfield></datafield><datafield ind1=" " ind2=" " tag="310"><subfield code="a">Weekly</subfield></datafield><datafield ind1="0" ind2=" " tag="362"><subfield code="a">Vol. 1, no. 1 (Nov. 3, 1846)-v. 9, no. 50 (Sep. 13, 1856).</subfield></datafield><datafield ind1=" " ind2=" " tag="500"><subfield code="a">Published in Victoria, Tex., Nov. 3, 1846-Mar. 24, 1847; published in Houston, Tex., Mar. 29, 1847-&lt;Mar. 11, 1848&gt;; published in Huntsville, Tex., &lt;Aug. 23, 1851&gt;-Sep. 13, 1856.</subfield></datafield><datafield ind1=" " ind2=" " tag="752"><subfield code="a">United States</subfield><subfield code="b">Texas</subfield><subfield code="c">Victoria</subfield><subfield code="d">Victoria.</subfield></datafield><datafield ind1=" " ind2=" " tag="752"><subfield code="a">United States</subfield><subfield code="b">Texas</subfield><subfield code="c">Harris</subfield><subfield code="d">Houston.</subfield></datafield><datafield ind1=" " ind2=" " tag="752"><subfield code="a">United States</subfield><subfield code="b">Texas</subfield><subfield code="c">Walker</subfield><subfield code="d">Huntsville.</subfield></datafield></record>